@online{lecSlides,
	author = {Emre Ertin},
	title = {ECE 5013 Slides},
	date = {2018},
	url = {https://osu.instructure.com/courses/76051/pages/slides}
}